% Encoding: UTF-8

@Article{BJL11J011,
  author    = {Chen, Tianqi , T. He , and M. Benesty },
  title     = {xgboost: Extreme Gradient Boosting},
  journal   = {Fuzzy Systems, IEEE Transactions on},
  year      = {2016},
  publisher = {IEEE},
}
@Article{BJL11J02,
  author    = {Wang, Dehua , Y. Zhang , and Y. Zhao },
  title     = {LightGBM: An Effective miRNA Classification Method in Breast Cancer Patients},
  journal   = {the 2017 International Conference.},
  year      = {2017},
  publisher = {IEEE},
}